@Misc{comms_thesis,
  key =       {bs},
  author =    {Max Kostic},
  title =     {Propagating commands from a ground station through a rover},
  howpublished = {Bachelor Thesis},
  month =     "August",
  year =      2021,
  note =      {Lunar Zebro},
  annote =    {No BS.}
}
